@article{baker_epu,
  author    = {Scott R. Baker and Nicholas Bloom and Steven J. Davis},
  year      = {2016},
  title     = {Measuring Economic Policy Uncertainty},
  journal   = {The Quarterly Journal of Economics},
  volume    = {131},
  number    = {4},
  pages     = {1593--1636},
  publisher = {Oxford University Press},
  doi       = {10.1093/qje/qjw024}
}

@techreport{berge2020,
  author = {Travis J. Berge},
  year = {2021}, 
  title = {Time-varying uncertainty of the Federal Reserve’s output gap estimate}, 
  institution = {Board of Governors of the Federal Reserve System},
  series = {Finance and Economics Discussion Series},
  number = {2020-012r1},
  address = {Washington, D.C.},
  url = {https://www.federalreserve.gov/econres/feds/time-varying-uncertainty-of-the-federal-reserves-output-gap-estimate.htm}, 
  doi = {10.17016/FEDS.2020.012r1}
}

@article{bloomuncer,
  author    = {Nicholas Bloom},
  year      = {2009},
  title     = {The Impact of Uncertainty Shocks},
  journal   = {Econometrica},
  volume    = {77},
  number    = {3},
  pages     = {623--685},
  doi       = {10.3982/ECTA6248},
  url       = {http://econometricsociety.org/ecta/Supmat/6248_data and programs.zip} 
}

@article{carriero2018,
  author  = {Andrea Carriero and Todd E. Clark and Massimiliano Marcellino},
  year    = {2018},
  title   = {Measuring Uncertainty and Its Impact on the Economy},
  journal = {The Review of Economics and Statistics}, 
  volume  = {100},
  number  = {5},
  pages   = {799--815},
  doi     = {10.1162/rest_a_00693}, 
  pmid    = {30344046} % PMID según las fuentes
}

@misc{carriero2018tech,
  author    = {Andrea Carriero and Todd E. Clark and Massimiliano Marcellino},
  year      = {2018}, 
  title     = {Supplemental Appendix to ``Measuring Uncertainty and its Impact on the Economy''},
  note      = {Unpublished Technical Note}, 
  url       = {http://direct.mit.edu/rest/article-pdf/104/3/619a/2022060/rest_e_01172.pdf} 
}

@techreport{clark2017,
  author      = {Todd E. Clark and Elmar Mertens}, 
  year        = {2017},
  title       = {Measuring uncertainty measures for point forecasts from surveys such as the Survey of Professional Forecasters, Blue Chip, or the Federal Open Market Committee's Summary of Economic Projections}, 
  institution = {Bank for International Settlements}, 
  series      = {BIS Working Papers},
  number      = {667}, 
  month       = {August}, 
}

@article{ellsberg1961,
  author  = {Daniel Ellsberg},
  year    = {1961},
  title   = {Risk, Ambiguity, and the Savage Axioms},
  journal = {The Quarterly Journal of Economics},
  volume  = {75},
  number  = {4},
  pages   = {643--669}
}

@unpublished{risk_analysis,
  author = {Manuel Hidalgo-Pérez and Leandro Airef},
  year   = {202X},
  title  = {A Multidimensional Framework for Economic Uncertainty Quantification},
  note   = {Unpublished manuscript} % Basado en tu descripción y la fuente [5, 6]
}

@article{jurado2015,
  author  = {Kyle Jurado and Sydney C. Ludvigson and Serena Ng},
  year    = {2015},
  title   = {Measuring Uncertainty},
  journal = {American Economic Review},
  volume  = {105},
  number  = {3},
  pages   = {1177-1216}, 
  doi     = {10.1257/aer.20131193} % Basado en la fuente [8, 10]
}

@book{knight1921,
  author    = {Frank H. Knight},
  year      = {1921},
  title     = {Risk, Uncertainty and Profit}, 
  publisher = {Houghton Mifflin},
  address   = {Boston} % Basado en las fuentes [9, 11]
}

@unpublished{rossi2016,
  author = {Barbara Rossi and Tatevik Sekhposyan}, 
  year   = {2016},
  title  = {Understanding the Sources of Macroeconomic Uncertainty}, 
  note   = {Mimeo} 
}