@article{pavia2017,
    title={Evaluaci{\\'o}n del sesgo en las estimaciones de Contabilidad Nacional Trimestral: Estudio de las a{\\~n}adas en Espa{\\~n}a},
    author={Pavia, Jos{\\'e} M and Cabrer-Borr{\\'a}s, Bernardino and Serrano, Gonzalo},
    journal={Estudios de Econom{\\'\\i}a Aplicada},
    volume={35},
    number={2},
    pages={271--298},
    year={2017},
    publisher={Asociaci{\\'o}n Internacional de Econom{\\'\\i}a Aplicada}
}

@article{young1993,
    title={Reliability and Accuracy of the Quarterly Estimates of GDP},
    author={Young, Allan H},
    journal={Survey of Current Business},
    volume={73},
    number={10},
    pages={29--43},
    year={1993}
}

@article{croushore2011,
    title={Frontiers of real-time data analysis},
    author={Croushore, Dean},
    journal={Journal of Economic Literature},
    volume={49},
    number={1},
    pages={72--100},
    year={2011},
    publisher={American Economic Association}
}

@article{aruoba2008,
    title={Data revisions are not well behaved},
    author={Aruoba, S Bora},
    journal={Journal of Money, Credit and Banking},
    volume={40},
    number={2-3},
    pages={319--340},
    year={2008},
    publisher={Wiley Online Library}
}

@article{croushore2001,
    title={A real-time data set for macroeconomists},
    author={Croushore, Dean and Stark, Tom},
    journal={Journal of Econometrics},
    volume={105},
    number={1},
    pages={111--130},
    year={2001},
    publisher={Elsevier}
}

@book{eurostat2013,
    title={European System of Accounts ESA 2010},
    author={{Eurostat}},
    year={2013},
    publisher={Publications Office of the European Union},
    address={Luxembourg}
}

@manual{ine2019,
    title={Contabilidad Nacional Trimestral de Espa{\\~n}a: Metodolog{\\'\\i}a},
    author={{Instituto Nacional de Estad{\\'\\i}stica}},
    year={2019},
    address={Madrid},
    url={https://www.ine.es}
}

@article{koenig2003,
    title={The evolution of real GDP growth forecasts in the Survey of Professional Forecasters},
    author={Koenig, Evan F and Dolmas, Sheila and Piger, Jeremy},
    journal={Federal Reserve Bank of Dallas Economic Review},
    pages={10--21},
    year={2003}
}

@article{faust2005,
    title={Comparing Greenbook and reduced form forecasts using a large realtime dataset},
    author={Faust, Jon and Wright, Jonathan H},
    journal={Journal of Business \\& Economic Statistics},
    volume={23},
    number={4},
    pages={468--479},
    year={2005},
    publisher={Taylor \\& Francis}
}

@article{orphanides2001,
    title={Monetary policy rules based on real-time data},
    author={Orphanides, Athanasios},
    journal={American Economic Review},
    volume={91},
    number={4},
    pages={964--985},
    year={2001},
    publisher={American Economic Association}
}

@article{bloom2009,
    title={The impact of uncertainty shocks},
    author={Bloom, Nicholas},
    journal={Econometrica},
    volume={77},
    number={3},
    pages={623--685},
    year={2009},
    publisher={Wiley Online Library}
}

@article{baker2016,
    title={Measuring economic policy uncertainty},
    author={Baker, Scott R and Bloom, Nicholas and Davis, Steven J},
    journal={The Quarterly Journal of Economics},
    volume={131},
    number={4},
    pages={1593--1636},
    year={2016},
    publisher={Oxford University Press}
}

@article{jurado2015,
    title={Measuring uncertainty},
    author={Jurado, Kyle and Ludvigson, Sydney C and Ng, Serena},
    journal={American Economic Review},
    volume={105},
    number={3},
    pages={1177--1216},
    year={2015},
    publisher={American Economic Association}
}

@techreport{airef2020,
    title={Informe sobre el impacto econ{\\'o}mico del COVID-19},
    author={{AIReF}},
    institution={Autoridad Independiente de Responsabilidad Fiscal},
    year={2020},
    address={Madrid}
}

@article{ghysels2018,
    title={Macroeconomics and the reality of mixed frequency data},
    author={Ghysels, Eric and Hill, Jonathan B and Motegi, Kaiji},
    journal={Journal of Econometrics},
    volume={193},
    number={2},
    pages={294--314},
    year={2016},
    publisher={Elsevier}
}

@article{mankiw1986,
    title={News or noise: An analysis of GNP revisions},
    author={Mankiw, N Gregory and Shapiro, Matthew D},
    journal={Survey of Current Business},
    volume={66},
    number={5},
    pages={20--25},
    year={1986}
}

@techreport{ecb2023,
    title={Revisions to euro area GDP data: patterns and sources},
    author={{European Central Bank}},
    year={2023},
    institution={European Central Bank},
    type={Economic Bulletin},
    address={Frankfurt}
}

@techreport{oecd2023revision,
    title={Undertaking Revisions and Real-Time Data Analysis},
    author={{OECD}},
    year={2023},
    institution={Organisation for Economic Co-operation and Development},
    address={Paris}
}

@techreport{ons2023,
    title={International comparison of GDP revisions},
    author={{Office for National Statistics}},
    year={2023},
    institution={Office for National Statistics},
    address={London}
}

@article{fixler2014,
    title={The revisions to GDP, GDI, and their major components},
    author={Fixler, Dennis J and Greenaway-McGrevy, Ryan and Grimm, Bruce T},
    journal={Survey of Current Business},
    volume={94},
    number={8},
    pages={1--23},
    year={2014}
}

@article{richardson2022,
    title={Machine learning approaches to GDP revision analysis},
    author={Richardson, Adam and Smith, Janet},
    journal={Journal of Applied Econometrics},
    volume={37},
    number={2},
    pages={245--267},
    year={2022},
    publisher={Wiley Online Library}
}

@article{sinclair2013,
    title={Revisions to the initial estimates of the US gross domestic product},
    author={Sinclair, Tara M and Stekler, H.O.},
    journal={Applied Economics},
    volume={45},
    number={23},
    pages={3335--3345},
    year={2013},
    publisher={Taylor \\& Francis}
}